@book{weisstein2002crc,
  title={CRC Concise Encyclopedia of Mathematics, Second Edition},
  author={Weisstein, E.W.},
  isbn={9781420035223},
  year={2002},
  publisher={CRC Press}
}
%%%%%%%%%%%%%%%%%%%%%%%%%%%%%%%%%%%%%%%%%%%%%%%%%%%%%%%%%%%%%%%%%%%%%%%%%%
@book{elstrodt:mass:2011,
  title={Mass- und Integrationstheorie},
  author={J\"urgen Elstrodt},
  edition={7.,korrigierte und aktualisierte Auflage},
  year={2011},
  publisher={Springer Verlag}
}
%%%%%%%%%%%%%%%%%%%%%%%%%%%%%%%%%%%%%%%%%%%%%%%%%%%%%%%%%%%%%%%%%%%%%%%%%%
@book{grafakos:fourier:2014,
  title={Classical Fourier Analysis},
  author={Loukas Grafakos},
  edition={Third Edition},
  year={2014},
  publisher={Springer Science + Business Media New York}
}
%%%%%%%%%%%%%%%%%%%%%%%%%%%%%%%%%%%%%%%%%%%%%%%%%%%%%%%%%%%%%%%%%%%%%%%%%%
@book{lang:complex_analysis:1993,
  title={Complex Analysis},
  author={Serge Lang},
  edition={Third Edition},
  year={1993},
  publisher={Springer-Verlag}
}
%%%%%%%%%%%%%%%%%%%%%%%%%%%%%%%%%%%%%%%%%%%%%%%%%%%%%%%%%%%%%%%%%%%%%%%%%%
@book{zorich:analysis_I:2004,
  title={Mathematical Analysis I},
  author={Vladimir A. Zorich},
  edition={},
  year={2004},
  publisher={Springer-Verlag Berlin Heidelberg}
}
%%%%%%%%%%%%%%%%%%%%%%%%%%%%%%%%%%%%%%%%%%%%%%%%%%%%%%%%%%%%%%%%%%%%%%%%%%
@book{bourbaki:general_topology:1995,
  title={General Topology - Chapters 1-4},
  author={Nicolas Bourbaki},
  edition={Elements of Mathematics},
  year={1995},
  publisher={Springer-Verlag Berlin Heidelberg}
}
%%%%%%%%%%%%%%%%%%%%%%%%%%%%%%%%%%%%%%%%%%%%%%%%%%%%%%%%%%%%%%%%%%%%%%%%%%
@book{munkres:topology:2000,
  title={Topology},
  author={James R. Munkres},
  edition={Second edition},
  year={2000},
  publisher={Prentice Hall}
}
%%%%%%%%%%%%%%%%%%%%%%%%%%%%%%%%%%%%%%%%%%%%%%%%%%%%%%%%%%%%%%%%%%%%%%%%%%
@book{wong:weyl_transforms:1998,
  title={Weyl Transforms},
  author={M.W.Wong},
  edition={},
  year={1998},
  publisher={Springer}
}
%%%%%%%%%%%%%%%%%%%%%%%%%%%%%%%%%%%%%%%%%%%%%%%%%%%%%%%%%%%%%%%%%%%%%%%%%%
@book{gamelin:complex_analysis:2001,
  title={Complex Analysis},
  author={Theodore W. Gamelin},
  edition={},
  year={2001},
  publisher={Springer}
}
%%%%%%%%%%%%%%%%%%%%%%%%%%%%%%%%%%%%%%%%%%%%%%%%%%%%%%%%%%%%%%%%%%%%%%%%%%
@book{cohn:measure_theory:2013,
  title={Measure Theory},
  author={Donald L. Cohn},
  edition={Second edition},
  year={2013},
  publisher={Springer}
}

